
@ARTICLE{ alt:computing,
AUTHOR = "Helmut Alt and Michael Godau",
TITLE = "Computing the Fr√©chet distance between two polygonal curves.",
JOURNAL = "Int. J. Comput. Geometry Appl."
PAGES = {75-91},
YEAR = {1995}  }


@inproceedings{Brakatsoulas:2005,
 author = {Brakatsoulas, Sotiris and Pfoser, Dieter and Salas, Randall and Wenk, Carola},
 title = {On map-matching vehicle tracking data},
 booktitle = {Proceedings of the 31st international conference on Very large data bases},
 series = {VLDB '05},
 year = {2005},
 isbn = {1-59593-154-6},
 location = {Trondheim, Norway},
 pages = {853--864},
 numpages = {12},
 url = {http://dl.acm.org/citation.cfm?id=1083592.1083691},
 acmid = {1083691},
 publisher = {VLDB Endowment},
} 



@inproceedings{Brakatsoulas:2005,
 author = {Brakatsoulas, Sotiris and Pfoser, Dieter and Salas, Randall and Wenk, Carola},
 title = {On map-matching vehicle tracking data},
 booktitle = {Proceedings of the 31st international conference on Very large data bases},
 series = {VLDB '05},
 year = {2005},
 isbn = {1-59593-154-6},
 location = {Trondheim, Norway},
 pages = {853--864},
 numpages = {12},
 url = {http://dl.acm.org/citation.cfm?id=1083592.1083691},
 acmid = {1083691},
 publisher = {VLDB Endowment},
} 


@inproceedings{Lowsampling:2009,
 author = {Lou, Yin and Zhang, Chengyang and Zheng, Yu and Xie, Xing and Wang, Wei and Huang, Yan},
 title = {Map-matching for low-sampling-rate GPS trajectories},
 booktitle = {Proceedings of the 17th ACM SIGSPATIAL International Conference on Advances in Geographic Information Systems},
 series = {GIS '09},
 year = {2009},
 isbn = {978-1-60558-649-6},
 location = {Seattle, Washington},
 pages = {352--361},
 numpages = {10},
 url = {http://doi.acm.org/10.1145/1653771.1653820},
 doi = {10.1145/1653771.1653820},
 acmid = {1653820},
 publisher = {ACM},
 address = {New York, NY, USA},
 keywords = {GPS, map-matching, road network, trajectory},
}

@book{Berg:2009,
  added-at = {2009-12-02T20:58:46.000+0100},
  address = {Berlin Heidelberg},
  author = {de Berg, Mark and Cheong, Otfried and van Kreveld, Mark and Overmars, Mark},
  biburl = {http://www.bibsonomy.org/bibtex/2ad075a54e13be711e69c189ef2e3e403/cgray},
  edition = 3,
  interhash = {19f14f501e40f948ea5c1f389e00dd62},
  intrahash = {ad075a54e13be711e69c189ef2e3e403},
  isbn = {3-540-61270-x},
  keywords = {imported},
  publisher = {{Springer-Verlag}},
  timestamp = {2009-12-02T20:58:46.000+0100},
  title = {Computational Geometry Algorithms and Applications},
  year = 2008
}


@inproceedings{Alt:2003:MPM:644108.644207,
 author = {Alt, Helmut and Efrat, Alon and Rote, G\"{u}nter and Wenk, Carola},
 title = {Matching planar maps},
 booktitle = {Proceedings of the fourteenth annual ACM-SIAM symposium on Discrete algorithms},
 series = {SODA '03},
 year = {2003},
 isbn = {0-89871-538-5},
 location = {Baltimore, Maryland},
 pages = {589--598},
 numpages = {10},
 url = {http://dl.acm.org/citation.cfm?id=644108.644207},
 acmid = {644207},
 publisher = {Society for Industrial and Applied Mathematics},
 address = {Philadelphia, PA, USA},
} 